@article{boneh2004short,
  title={Short signatures from the Weil pairing},
  author={Boneh, Dan and Lynn, Ben and Shacham, Hovav},
  journal={Journal of cryptology},
  volume={17},
  pages={297--319},
  year={2004},
  publisher={Springer}
}
